<record><leader>00000cas a22000007a 4500</leader><controlfield tag="001">12652635</controlfield><controlfield tag="008">851009d18161835vauir ne      0    0eng d</controlfield><datafield ind1=" " ind2=" " tag="010"><subfield code="a">sn 85026859 </subfield></datafield><datafield ind1=" " ind2=" " tag="040"><subfield code="a">NPX</subfield><subfield code="b">eng</subfield><subfield code="c">NPX</subfield><subfield code="d">DLC</subfield><subfield code="d">CNW</subfield><subfield code="d">NVK</subfield><subfield code="d">OCL</subfield><subfield code="d">OCLCQ</subfield><subfield code="d">OCLCF</subfield><subfield code="d">OCLCO</subfield></datafield><datafield ind1="1" ind2=" " tag="029"><subfield code="a">AU@</subfield><subfield code="b">000020124729</subfield></datafield><datafield ind1=" " ind2=" " tag="042"><subfield code="a">msc</subfield></datafield><datafield ind1=" " ind2=" " tag="043"><subfield code="a">n-us-va</subfield></datafield><datafield ind1="0" ind2="0" tag="050"><subfield code="a">Newspaper 10028-X</subfield></datafield><datafield ind1="0" ind2=" " tag="130"><subfield code="a">Compiler (Richmond, Va.)</subfield></datafield><datafield ind1="1" ind2="4" tag="245"><subfield code="a">The Compiler.</subfield></datafield><datafield ind1="1" ind2="3" tag="246"><subfield code="a">Richmond compiler</subfield></datafield><datafield ind1=" " ind2=" " tag="250"><subfield code="a">Country ed.</subfield></datafield><datafield ind1=" " ind2=" " tag="260"><subfield code="a">Richmond [Va.] :</subfield><subfield code="b">Du-Val, Trueheart &amp; Co.</subfield></datafield><datafield ind1=" " ind2=" " tag="300"><subfield code="a">v. :</subfield><subfield code="b">ill. (chiefly advertisements) ;</subfield><subfield code="c">50 cm.</subfield></datafield><datafield ind1=" " ind2=" " tag="310"><subfield code="a">Triweekly</subfield></datafield><datafield ind1="1" ind2=" " tag="362"><subfield code="a">Began Aug. 1816; ceased Feb. 1835.</subfield><subfield code="z">Cf. Cappon, L.J., Va. newspapers.</subfield></datafield><datafield ind1=" " ind2=" " tag="500"><subfield code="a">Publishers: William Pollard &amp; Co., &lt;1823-1825&gt;; Pollard, Mosby &amp; Co., &lt;1826-1827&gt;; Robert Mosby &amp; Co., &lt;1827&gt;; M.M. Robinson, &lt;1833-1835&gt;.</subfield></datafield><datafield ind1=" " ind2=" " tag="580"><subfield code="a">Also issued in a daily ed.: Richmond commercial compiler.</subfield></datafield><datafield ind1=" " ind2=" " tag="588"><subfield code="a">Description based on: Aug. 12/13, 1816.</subfield></datafield><datafield ind1=" " ind2="0" tag="651"><subfield code="a">Richmond (Va.)</subfield><subfield code="v">Newspapers.</subfield></datafield><datafield ind1=" " ind2="7" tag="655"><subfield code="a">Newspapers.</subfield><subfield code="2">fast</subfield><subfield code="0">(OCoLC)fst01423814</subfield></datafield><datafield ind1=" " ind2="7" tag="651"><subfield code="a">Virginia</subfield><subfield code="z">Richmond.</subfield><subfield code="2">fast</subfield><subfield code="0">(OCoLC)fst01205345</subfield></datafield><datafield ind1=" " ind2=" " tag="752"><subfield code="a">United States</subfield><subfield code="b">Virginia</subfield><subfield code="d">Richmond.</subfield></datafield><datafield ind1="1" ind2=" " tag="775"><subfield code="t">Richmond commercial compiler</subfield><subfield code="w">(DLC)sn 84024698</subfield></datafield></record>